<?xml version="1.0" encoding="utf-8"?>
<record xmlns="http://www.loc.gov/MARC21/slim" xmlns:xsi="http://www.w3.org/2001/XMLSchema-instance" xsi:schemaLocation="http://www.loc.gov/MARC21/slim http://www.loc.gov/standards/marcxml/schema/MARC21slim.xsd">
	<leader>
		01386nam a2200289   4500
	</leader>
	<controlfield tag="001">
		001677614
	</controlfield>
	<controlfield tag="003">
		NNU
	</controlfield>
	<controlfield tag="006">
		m        d        
	</controlfield>
	<controlfield tag="007">
		cr cn |||m|||a
	</controlfield>
	<controlfield tag="008">
		151007s1967    iq      ob    000 0 ararc
	</controlfield>
	<datafield ind1=" " ind2=" " tag="040">
		<subfield code="a">
			NNU
		</subfield>
		<subfield code="b">
			eng
		</subfield>
		<subfield code="c">
			NNU
		</subfield>
	</datafield>
	<datafield ind1="1" ind2=" " tag="100">
		<subfield code="a">
			Baḥrī, Luʼay.
		</subfield>
	</datafield>
	<datafield ind1="1" ind2="0" tag="245">
		<subfield code="a">
			Sikkat ḥadīd Baghdād
		</subfield>
		<subfield code="h">
			[electronic resource] :
		</subfield>
		<subfield code="b">
			dirāsah fī taṭawwur wa-diblūmāsīyat qaḍīyat Sikkat ḥadīd Birlīn-Baghdād ḥattáʻāmm 1914
		</subfield>
		<subfield code="c">
			[taʼlīf] Luʼay Baḥrī.
		</subfield>
	</datafield>
	<datafield ind1=" " ind2=" " tag="260">
		<subfield code="a">
			Baghdād,
		</subfield>
		<subfield code="b">
			Sharikat al-Ṭabʻ wa-al-Nashr al-Ahlīyah,
		</subfield>
		<subfield code="c">
			1967.
		</subfield>
	</datafield>
	<datafield ind1=" " ind2=" " tag="300">
		<subfield code="a">
			online resource (180 p.)
		</subfield>
	</datafield>
	<datafield ind1=" " ind2=" " tag="500">
		<subfield code="a">
			Added t.p.: Die Bagdad-Bahn. A study in the development and diplomacy of the Baghdad railway question, by Louay Bahry.
		</subfield>
	</datafield>
	<datafield ind1=" " ind2=" " tag="500">
		<subfield code="a">
			Part of the Arabic Collections Online (ACO) project, contributed by New York Univeristy Libraries.
		</subfield>
	</datafield>
	<datafield ind1=" " ind2=" " tag="504">
		<subfield code="a">
			Bibliography: p. 175-180.
		</subfield>
	</datafield>
	<datafield ind1=" " ind2=" " tag="533">
		<subfield code="a">
			Electronic reproduction.
		</subfield>
		<subfield code="b">
			New York, N.Y. :
		</subfield>
		<subfield code="c">
			New York University,
		</subfield>
		<subfield code="d">
			2015.
		</subfield>
		<subfield code="5">
			NNU
		</subfield>
	</datafield>
	<datafield ind1="2" ind2="0" tag="610">
		<subfield code="a">
			Baghdad Railway.
		</subfield>
	</datafield>
	<datafield ind1=" " ind2="0" tag="650">
		<subfield code="a">
			Eastern question.
		</subfield>
	</datafield>
	<datafield ind1="2" ind2=" " tag="710">
		<subfield code="a">
			New York University.
		</subfield>
		<subfield code="b">
			Libraries.
		</subfield>
	</datafield>
	<datafield ind1="0" ind2=" " tag="730">
		<subfield code="a">
			Arabic Collections Online.
		</subfield>
	</datafield>
	<datafield ind1="0" ind2="8" tag="776">
		<subfield code="i">
			Print version:
		</subfield>
		<subfield code="a">
			Baḥrī, Luʼay.
		</subfield>
		<subfield code="t">
			Sikkat ḥadīd Baghdād
		</subfield>
		<subfield code="w">
			(NNU)001677614
		</subfield>
		<subfield code="w">
			(DLC)ne 67001504
		</subfield>
	</datafield>
	<datafield ind1="4" ind2="0" tag="856">
		<subfield code="u">
			http://hdl.handle.net/2333.1/h9w0vx0q
		</subfield>
	</datafield>
	<datafield ind1=" " ind2=" " tag="959">
		<subfield code="a">
			NNU
		</subfield>
		<subfield code="b">
			WEB
		</subfield>
		<subfield code="c">
			GENI
		</subfield>
		<subfield code="t">
			0
		</subfield>
		<subfield code="m">
			Electronic access
		</subfield>
		<subfield code="s">
			01
		</subfield>
	</datafield>
	<datafield ind1=" " ind2=" " tag="999">
		<subfield code="i">
			NNU_001677614
		</subfield>
		<subfield code="s">
			nyu_aco001247
		</subfield>
		<subfield code="e">
			(ERROR-880)
		</subfield>
	</datafield>
</record>
